@book{softass,
  title={Essential Facts About the Computer and Video Game Industry: 2014 Sales, Demographic and Usage Data},
  year={2014},
  publisher={Entertainment Software Association}
}

@misc{googleimagelabeler,
   title={Google Image Labeler},
   howpublished={Retrieved May 17th, 2014 from \url{http://images.google.com/imagelabeler}}
}

@article{gwap,
   title={Designing Games With a Purpose},
   author={Von Ahn, Luis and Dabbish, Laura},
   journal={Communications of the ACM},
   volume={51},
   number={8},
   pages={58--67},
   year={2008},
   publisher={ACM}
}

@mastersthesis{AldrinMontana,
   author = {Aldrin Montana},
   title = {Algorithms for Library-based Microbial Source Tracking},
   school = {California Polytechnic State University},
   address = {San Luis Obispo},
   year = {2013},
}

@mastersthesis{JanSoliman,
   author = {Jan Lorenz Soliman},
   title = {CPLOP: The Cal Poly Library of Pyroprints},
   school = {California Polytechnic State University},
   address = {San Luis Obispo},
   year = {2013},
}

@mastersthesis{DianaShealey,
   author = {Diana Shealy},
   title = {Exploration of Pyroprinting for Environmental Forensics},
   school = {California Polytechnic State University},
   address = {San Luis Obispo},
   year = {2013},
}

@inproceedings{GuillaumeDenis,
   title={Motivation-driven Educational Game Design: Applying Best Practices to Music Education},
   author={Denis, Guillaume and Jouvelot, Pierre},
   booktitle={Proceedings of the 2005 ACM SIGCHI International Conference on Advances in computer entertainment technology},
   pages={462--465},
   year={2005},
   organization={ACM}
}

@article{Gamasutra,
   title={Fourteen Forms of Fun},
   author={Garneau, Pierre-Alexandre},
   journal={Gamasutra.com},
   year={2001}
}

@techreport{Sargeant,
   title={Review and Critique of Current Microbial Source Tracking (MST) Techniques},
   author={Sargeant, Debby},
   institution={Washington Department of Ecology},
   address={Olympia, Washington},
   year={2012},
   number={11-03-038},
   month={February},
}

@article{Liu,
   title={Data Mining: Exploring Hyperlinks, Contents, and Usage Data},
   author={B Liu},
   journal={Springer},
   year={2008},
}

@book{swink2009game,
   title={Game Feel},
   author={Swink, Steve},
   year={2009},
   publisher={Morgan Kaufmann}
}

@misc{sciencefriday2014,
   author={Flatow, Ira},
   title={Can We Game Our Way to Better Health?},
   month={April},
   year={2014},
   howpublished={Public Radio International}
}

@misc{popcap2012,
   author={Stewart, Keith},
   title={Popcap, the 10 Secrets of Casual Game Design},
   year={2012},
   month={August},
   howpublished={Retrieved May 17th, 2014 from \url{http://www.theguardian.com/technology/gamesblog/2012/aug/08/popcap-secrets-of-game-design}}
}

@inproceedings{cooper2010challenge,
   title={The Challenge of Designing Scientific Discovery Games},
   author={Cooper, Seth},
   booktitle={Proceedings of the Fifth international Conference on the Foundations of Digital Games},
   pages={40--47},
   year={2010},
   organization={ACM}
}

@misc{milkyway2014,
   title={The Milky Way Project: Leveraging Citizen Science and Machine Learning to Detect Interstellar Bubbles},
   author={Beaumont, Christopher N.}
}

@article{bonney2009citizen,
   title={Citizen science: a developing tool for expanding science knowledge and scientific literacy},
   author={Bonney, Rick}, 
   journal={BioScience},
   volume={59},
   number={11},
   pages={977--984},
   year={2009},
   publisher={Oxford University Press}
}

@article{silvertown2009new,
   title={A new dawn for citizen science},
   author={Silvertown, Jonathan},
   journal={Trends in ecology \& evolution},
   volume={24},
   number={9},
   pages={467--471},
   year={2009},
   publisher={Elsevier}
}

@book{schell2008art,
   title={The Art of Game Design: A book of lenses},
   author={Schell, Jesse},
   year={2008},
   publisher={CRC Press}
}

@misc{brown2013how,
   author = {Doe, Ringo},
   title = {How to Design for the Gut},
   month = {May},
   year = {2013},
   howpublished={Retrieved May 17th, 2014 from \url{https://uxmag.com/articles/how-to-design-for-the-gut}}
}

@book{norman2002design,
   title={The design of everyday things},
   author={Norman, Donald A.},
   year={2002},
   publisher={Basic books}
}

@book{norman2007emotional,
   title={Emotional design: Why we love (or hate) everyday things},
   author={Norman, Donald A.},
   year={2007},
   publisher={Basic books}
}

@book{thomas1981disney,
   title={Disney Animation: The Illusion of Life},
   author={Thomas, Frank},
   volume={4},
   year={1981},
   publisher={Abbeville Press New York}
}

@misc{juiceitorloseit,
   author = {Jonasson, Martin and Purho, Petri},
   title = {Juice it or lose it},
   howpublished={Retrieved May 1st, 2014 from \url{https://www.youtube.com/watch?v=Fy0aCDmgnxg}}
}

@misc{canthepower,
   author = {Owens, Jo},
   title = {Can the power of public help personalise cancer treatment?},
   howpublished={Retrieved May 13th, 2014 from \url{http://scienceblog.cancerresearchuk.org/2013/03/01/can-the-power-of-the-public-help-personalise-cancer-treatment/}}
}

@article{curtis2012genomic,
   title={The genomic and transcriptomic architecture of 2,000 breast tumours reveals novel subgroups},
   author={Curtis, Christina}, 
   journal={Nature},
   volume={486},
   number={7403},
   pages={346--352},
   year={2012},
   publisher={Nature Publishing Group}
}

@inproceedings{borne2011zooniverse,
   title={The Zooniverse: A Framework for Knowledge Discovery from Citizen Science Data},
   author={Borne, KD},
   booktitle={AGU Fall Meeting Abstracts},
   volume={1},
   pages={0650},
   year={2011}
}

@mastersthesis{atanasov,
   author={Atanasov, Simeon},
   title={Juiciness: Exploring and designing around experience of feedback in video games},
   school={Malmö Högskola},
   year={2013}
}

@book{penner2002robert,
   title={Robert Penner's Programming Macromedia Flash MX},
   author={Penner, Robert},
   year={2002},
   publisher={McGraw-Hill, Inc.}
}

